<?xml version="1.0" encoding="UTF-8"?><record xmlns="http://www.loc.gov/MARC21/slim" xmlns:cinclude="http://apache.org/cocoon/include/1.0" xmlns:zs="http://www.loc.gov/zing/srw/">
  <leader>00950cz  a2200217n  4500</leader>
  <controlfield tag="001">no 00051306 </controlfield>
  <controlfield tag="003">DLC</controlfield>
  <controlfield tag="005">20120508075136.0</controlfield>
  <controlfield tag="008">000720n| acannaabn          |a aaa      </controlfield>
  <datafield tag="010" ind1=" " ind2=" ">
    <subfield code="a">no 00051306 </subfield>
  </datafield>
  <datafield tag="035" ind1=" " ind2=" ">
    <subfield code="a">(OCoLC)oca05262060</subfield>
  </datafield>
  <datafield tag="035" ind1=" " ind2=" ">
    <subfield code="a">(Uk)004186342</subfield>
  </datafield>
  <datafield tag="040" ind1=" " ind2=" ">
    <subfield code="a">DLC-ON</subfield>
    <subfield code="b">eng</subfield>
    <subfield code="c">DLC-ON</subfield>
    <subfield code="d">Uk</subfield>
    <subfield code="d">DLC</subfield>
  </datafield>
  <datafield tag="046" ind1=" " ind2=" ">
    <subfield code="f">19470605</subfield>
  </datafield>
  <datafield tag="100" ind1="1" ind2=" ">
    <subfield code="a">Joshi, B. D.</subfield>
    <subfield code="q">(Bishwambhar Datt),</subfield>
    <subfield code="d">1947-</subfield>
  </datafield>
  <datafield tag="372" ind1=" " ind2=" ">
    <subfield code="a">Zoology</subfield>
  </datafield>
  <datafield tag="373" ind1=" " ind2=" ">
    <subfield code="a">Gurukula Kangri Viswavidyalaya</subfield>
  </datafield>
  <datafield tag="400" ind1="1" ind2=" ">
    <subfield code="a">Joshi, Bishwambhar Datt,</subfield>
    <subfield code="d">1947-</subfield>
  </datafield>
  <datafield tag="670" ind1=" " ind2=" ">
    <subfield code="a">Glimpses of environmental precepts in Vedic literature, 1995:</subfield>
    <subfield code="b">t.p. (Prof. B.D. Joshi; Dept. of Zoology, Gurukula Kangri Viswavidyalaya, Hardwar) p. 4 of cover (B. Sc., M. Sc. &amp; Ph. D. fr. U. of Luknow; was lect. of zoology, Hindu Coll., Moradabad)</subfield>
  </datafield>
  <datafield tag="670" ind1=" " ind2=" ">
    <subfield code="a">DK Agencies, 21 Oct. 2009</subfield>
    <subfield code="b">(hdg.: Joshi, B. D. (Bishwambhar Datt), 1947- )</subfield>
  </datafield>
  <datafield tag="670" ind1=" " ind2=" ">
    <subfield code="a">Environmental pollution &amp; toxicology, 2008:</subfield>
    <subfield code="b">t.p. (B.D. Joshi) jacket (b. June 05, 1947)</subfield>
  </datafield>
</record>